%YAML 1.1
%TAG !u! tag:unity3d.com,2011:
--- !u!29 &1
SceneSettings:
  m_ObjectHideFlags: 0
  m_PVSData: 
  m_PVSObjectsArray: []
  m_PVSPortalsArray: []
  m_OcclusionBakeSettings:
    smallestOccluder: 5
    smallestHole: 0.25
    backfaceThreshold: 100
--- !u!104 &2
RenderSettings:
  m_ObjectHideFlags: 0
  serializedVersion: 6
  m_Fog: 0
  m_FogColor: {r: 0.5, g: 0.5, b: 0.5, a: 1}
  m_FogMode: 3
  m_FogDensity: 0.01
  m_LinearFogStart: 0
  m_LinearFogEnd: 300
  m_AmbientSkyColor: {r: 0.212, g: 0.227, b: 0.259, a: 1}
  m_AmbientEquatorColor: {r: 0.114, g: 0.125, b: 0.133, a: 1}
  m_AmbientGroundColor: {r: 0.047, g: 0.043, b: 0.035, a: 1}
  m_AmbientIntensity: 1
  m_AmbientMode: 3
  m_SkyboxMaterial: {fileID: 0}
  m_HaloStrength: 0.5
  m_FlareStrength: 1
  m_FlareFadeSpeed: 3
  m_HaloTexture: {fileID: 0}
  m_SpotCookie: {fileID: 10001, guid: 0000000000000000e000000000000000, type: 0}
  m_DefaultReflectionMode: 0
  m_DefaultReflectionResolution: 128
  m_ReflectionBounces: 1
  m_ReflectionIntensity: 1
  m_CustomReflection: {fileID: 0}
  m_Sun: {fileID: 0}
--- !u!157 &3
LightmapSettings:
  m_ObjectHideFlags: 0
  serializedVersion: 6
  m_GIWorkflowMode: 1
  m_LightmapsMode: 1
  m_GISettings:
    serializedVersion: 2
    m_BounceScale: 1
    m_IndirectOutputScale: 1
    m_AlbedoBoost: 1
    m_TemporalCoherenceThreshold: 1
    m_EnvironmentLightingMode: 0
    m_EnableBakedLightmaps: 0
    m_EnableRealtimeLightmaps: 0
  m_LightmapEditorSettings:
    serializedVersion: 3
    m_Resolution: 2
    m_BakeResolution: 40
    m_TextureWidth: 1024
    m_TextureHeight: 1024
    m_AOMaxDistance: 1
    m_Padding: 2
    m_CompAOExponent: 0
    m_LightmapParameters: {fileID: 0}
    m_TextureCompression: 1
    m_FinalGather: 0
    m_FinalGatherRayCount: 1024
    m_ReflectionCompression: 2
  m_LightingDataAsset: {fileID: 0}
  m_RuntimeCPUUsage: 25
--- !u!196 &4
NavMeshSettings:
  serializedVersion: 2
  m_ObjectHideFlags: 0
  m_BuildSettings:
    serializedVersion: 2
    agentRadius: 0.5
    agentHeight: 2
    agentSlope: 45
    agentClimb: 0.4
    ledgeDropHeight: 0
    maxJumpAcrossDistance: 0
    accuratePlacement: 0
    minRegionArea: 2
    cellSize: 0.16666667
    manualCellSize: 0
  m_NavMeshData: {fileID: 0}
--- !u!1 &138591072
GameObject:
  m_ObjectHideFlags: 0
  m_PrefabParentObject: {fileID: 0}
  m_PrefabInternal: {fileID: 0}
  serializedVersion: 4
  m_Component:
  - 4: {fileID: 138591075}
  - 114: {fileID: 138591074}
  - 114: {fileID: 138591073}
  m_Layer: 0
  m_Name: EventSystem
  m_TagString: Untagged
  m_Icon: {fileID: 0}
  m_NavMeshLayer: 0
  m_StaticEditorFlags: 0
  m_IsActive: 1
--- !u!114 &138591073
MonoBehaviour:
  m_ObjectHideFlags: 0
  m_PrefabParentObject: {fileID: 0}
  m_PrefabInternal: {fileID: 0}
  m_GameObject: {fileID: 138591072}
  m_Enabled: 1
  m_EditorHideFlags: 0
  m_Script: {fileID: 1077351063, guid: f5f67c52d1564df4a8936ccd202a3bd8, type: 3}
  m_Name: 
  m_EditorClassIdentifier: 
  m_HorizontalAxis: Horizontal
  m_VerticalAxis: Vertical
  m_SubmitButton: Submit
  m_CancelButton: Cancel
  m_InputActionsPerSecond: 10
  m_RepeatDelay: 0.5
  m_ForceModuleActive: 0
--- !u!114 &138591074
MonoBehaviour:
  m_ObjectHideFlags: 0
  m_PrefabParentObject: {fileID: 0}
  m_PrefabInternal: {fileID: 0}
  m_GameObject: {fileID: 138591072}
  m_Enabled: 1
  m_EditorHideFlags: 0
  m_Script: {fileID: -619905303, guid: f5f67c52d1564df4a8936ccd202a3bd8, type: 3}
  m_Name: 
  m_EditorClassIdentifier: 
  m_FirstSelected: {fileID: 0}
  m_sendNavigationEvents: 1
  m_DragThreshold: 5
--- !u!4 &138591075
Transform:
  m_ObjectHideFlags: 0
  m_PrefabParentObject: {fileID: 0}
  m_PrefabInternal: {fileID: 0}
  m_GameObject: {fileID: 138591072}
  m_LocalRotation: {x: 0, y: 0, z: 0, w: 1}
  m_LocalPosition: {x: 0, y: 0, z: 0}
  m_LocalScale: {x: 1, y: 1, z: 1}
  m_LocalEulerAnglesHint: {x: 0, y: 0, z: 0}
  m_Children: []
  m_Father: {fileID: 0}
  m_RootOrder: 2
--- !u!1 &439324093
GameObject:
  m_ObjectHideFlags: 0
  m_PrefabParentObject: {fileID: 125990, guid: b4f6f6c51176c5c4cb9ed4afd2335600, type: 2}
  m_PrefabInternal: {fileID: 1642931885}
  serializedVersion: 4
  m_Component:
  - 224: {fileID: 439324097}
  - 223: {fileID: 439324096}
  - 114: {fileID: 439324095}
  - 114: {fileID: 439324094}
  m_Layer: 5
  m_Name: Canvas
  m_TagString: Untagged
  m_Icon: {fileID: 0}
  m_NavMeshLayer: 0
  m_StaticEditorFlags: 0
  m_IsActive: 1
--- !u!114 &439324094
MonoBehaviour:
  m_ObjectHideFlags: 0
  m_PrefabParentObject: {fileID: 11450954, guid: b4f6f6c51176c5c4cb9ed4afd2335600,
    type: 2}
  m_PrefabInternal: {fileID: 1642931885}
  m_GameObject: {fileID: 439324093}
  m_Enabled: 1
  m_EditorHideFlags: 0
  m_Script: {fileID: 1301386320, guid: f5f67c52d1564df4a8936ccd202a3bd8, type: 3}
  m_Name: 
  m_EditorClassIdentifier: 
  m_IgnoreReversedGraphics: 1
  m_BlockingObjects: 0
  m_BlockingMask:
    serializedVersion: 2
    m_Bits: 4294967295
--- !u!114 &439324095
MonoBehaviour:
  m_ObjectHideFlags: 0
  m_PrefabParentObject: {fileID: 11418698, guid: b4f6f6c51176c5c4cb9ed4afd2335600,
    type: 2}
  m_PrefabInternal: {fileID: 1642931885}
  m_GameObject: {fileID: 439324093}
  m_Enabled: 1
  m_EditorHideFlags: 0
  m_Script: {fileID: 1980459831, guid: f5f67c52d1564df4a8936ccd202a3bd8, type: 3}
  m_Name: 
  m_EditorClassIdentifier: 
  m_UiScaleMode: 1
  m_ReferencePixelsPerUnit: 100
  m_ScaleFactor: 1
  m_ReferenceResolution: {x: 800, y: 600}
  m_ScreenMatchMode: 0
  m_MatchWidthOrHeight: 0
  m_PhysicalUnit: 3
  m_FallbackScreenDPI: 96
  m_DefaultSpriteDPI: 96
  m_DynamicPixelsPerUnit: 1
--- !u!223 &439324096
Canvas:
  m_ObjectHideFlags: 0
  m_PrefabParentObject: {fileID: 22378878, guid: b4f6f6c51176c5c4cb9ed4afd2335600,
    type: 2}
  m_PrefabInternal: {fileID: 1642931885}
  m_GameObject: {fileID: 439324093}
  m_Enabled: 1
  serializedVersion: 2
  m_RenderMode: 0
  m_Camera: {fileID: 0}
  m_PlaneDistance: 100
  m_PixelPerfect: 0
  m_ReceivesEvents: 1
  m_OverrideSorting: 0
  m_OverridePixelPerfect: 0
  m_SortingBucketNormalizedSize: 0
  m_SortingLayerID: 0
  m_SortingOrder: 0
  m_TargetDisplay: 0
--- !u!224 &439324097
RectTransform:
  m_ObjectHideFlags: 0
  m_PrefabParentObject: {fileID: 22487364, guid: b4f6f6c51176c5c4cb9ed4afd2335600,
    type: 2}
  m_PrefabInternal: {fileID: 1642931885}
  m_GameObject: {fileID: 439324093}
  m_LocalRotation: {x: 0, y: 0, z: 0, w: 1}
  m_LocalPosition: {x: 0, y: 0, z: 0}
  m_LocalScale: {x: 0, y: 0, z: 0}
  m_LocalEulerAnglesHint: {x: 0, y: 0, z: 0}
  m_Children:
  - {fileID: 1019635222}
  m_Father: {fileID: 0}
  m_RootOrder: 3
  m_AnchorMin: {x: 0, y: 0}
  m_AnchorMax: {x: 0, y: 0}
  m_AnchoredPosition: {x: 0, y: 0}
  m_SizeDelta: {x: 0, y: 0}
  m_Pivot: {x: 0, y: 0}
--- !u!1 &440283529
GameObject:
  m_ObjectHideFlags: 0
  m_PrefabParentObject: {fileID: 129544, guid: b4f6f6c51176c5c4cb9ed4afd2335600, type: 2}
  m_PrefabInternal: {fileID: 1642931885}
  serializedVersion: 4
  m_Component:
  - 224: {fileID: 440283530}
  - 222: {fileID: 440283532}
  - 114: {fileID: 440283531}
  m_Layer: 5
  m_Name: Image
  m_TagString: Untagged
  m_Icon: {fileID: 0}
  m_NavMeshLayer: 0
  m_StaticEditorFlags: 0
  m_IsActive: 1
--- !u!224 &440283530
RectTransform:
  m_ObjectHideFlags: 0
  m_PrefabParentObject: {fileID: 22407828, guid: b4f6f6c51176c5c4cb9ed4afd2335600,
    type: 2}
  m_PrefabInternal: {fileID: 1642931885}
  m_GameObject: {fileID: 440283529}
  m_LocalRotation: {x: 0, y: 0, z: 0, w: 1}
  m_LocalPosition: {x: 0, y: 0, z: 0}
  m_LocalScale: {x: 1, y: 1, z: 1}
  m_LocalEulerAnglesHint: {x: 0, y: 0, z: 0}
  m_Children: []
  m_Father: {fileID: 1019635222}
  m_RootOrder: 0
  m_AnchorMin: {x: 0.29200003, y: 0.5202429}
  m_AnchorMax: {x: 0.708, y: 0.929}
  m_AnchoredPosition: {x: 0, y: -0.5}
  m_SizeDelta: {x: -2, y: -2}
  m_Pivot: {x: 0.5, y: 0.5}
--- !u!114 &440283531
MonoBehaviour:
  m_ObjectHideFlags: 0
  m_PrefabParentObject: {fileID: 11457586, guid: b4f6f6c51176c5c4cb9ed4afd2335600,
    type: 2}
  m_PrefabInternal: {fileID: 1642931885}
  m_GameObject: {fileID: 440283529}
  m_Enabled: 1
  m_EditorHideFlags: 0
  m_Script: {fileID: -765806418, guid: f5f67c52d1564df4a8936ccd202a3bd8, type: 3}
  m_Name: 
  m_EditorClassIdentifier: 
  m_Material: {fileID: 0}
  m_Color: {r: 1, g: 1, b: 1, a: 1}
  m_RaycastTarget: 1
  m_OnCullStateChanged:
    m_PersistentCalls:
      m_Calls: []
    m_TypeName: UnityEngine.UI.MaskableGraphic+CullStateChangedEvent, UnityEngine.UI,
      Version=1.0.0.0, Culture=neutral, PublicKeyToken=null
  m_Sprite: {fileID: 21300000, guid: 67f0992008faad64b9e95660b69da6e5, type: 3}
  m_Type: 0
  m_PreserveAspect: 0
  m_FillCenter: 1
  m_FillMethod: 4
  m_FillAmount: 1
  m_FillClockwise: 1
  m_FillOrigin: 0
--- !u!222 &440283532
CanvasRenderer:
  m_ObjectHideFlags: 0
  m_PrefabParentObject: {fileID: 22292394, guid: b4f6f6c51176c5c4cb9ed4afd2335600,
    type: 2}
  m_PrefabInternal: {fileID: 1642931885}
  m_GameObject: {fileID: 440283529}
--- !u!1 &595220400
GameObject:
  m_ObjectHideFlags: 0
  m_PrefabParentObject: {fileID: 0}
  m_PrefabInternal: {fileID: 0}
  serializedVersion: 4
  m_Component:
  - 4: {fileID: 595220405}
  - 20: {fileID: 595220404}
  - 92: {fileID: 595220403}
  - 124: {fileID: 595220402}
  - 81: {fileID: 595220401}
  m_Layer: 0
  m_Name: Main Camera
  m_TagString: MainCamera
  m_Icon: {fileID: 0}
  m_NavMeshLayer: 0
  m_StaticEditorFlags: 0
  m_IsActive: 1
--- !u!81 &595220401
AudioListener:
  m_ObjectHideFlags: 0
  m_PrefabParentObject: {fileID: 0}
  m_PrefabInternal: {fileID: 0}
  m_GameObject: {fileID: 595220400}
  m_Enabled: 1
--- !u!124 &595220402
Behaviour:
  m_ObjectHideFlags: 0
  m_PrefabParentObject: {fileID: 0}
  m_PrefabInternal: {fileID: 0}
  m_GameObject: {fileID: 595220400}
  m_Enabled: 1
--- !u!92 &595220403
Behaviour:
  m_ObjectHideFlags: 0
  m_PrefabParentObject: {fileID: 0}
  m_PrefabInternal: {fileID: 0}
  m_GameObject: {fileID: 595220400}
  m_Enabled: 1
--- !u!20 &595220404
Camera:
  m_ObjectHideFlags: 0
  m_PrefabParentObject: {fileID: 0}
  m_PrefabInternal: {fileID: 0}
  m_GameObject: {fileID: 595220400}
  m_Enabled: 1
  serializedVersion: 2
  m_ClearFlags: 1
  m_BackGroundColor: {r: 0.19215687, g: 0.3019608, b: 0.4745098, a: 0.019607844}
  m_NormalizedViewPortRect:
    serializedVersion: 2
    x: 0
    y: 0
    width: 1
    height: 1
  near clip plane: 0.3
  far clip plane: 1000
  field of view: 60
  orthographic: 1
  orthographic size: 5
  m_Depth: -1
  m_CullingMask:
    serializedVersion: 2
    m_Bits: 4294967295
  m_RenderingPath: -1
  m_TargetTexture: {fileID: 0}
  m_TargetDisplay: 0
  m_TargetEye: 3
  m_HDR: 0
  m_OcclusionCulling: 1
  m_StereoConvergence: 10
  m_StereoSeparation: 0.022
  m_StereoMirrorMode: 0
--- !u!4 &595220405
Transform:
  m_ObjectHideFlags: 0
  m_PrefabParentObject: {fileID: 0}
  m_PrefabInternal: {fileID: 0}
  m_GameObject: {fileID: 595220400}
  m_LocalRotation: {x: 0, y: 0, z: 0, w: 1}
  m_LocalPosition: {x: 0, y: 0, z: -10}
  m_LocalScale: {x: 1, y: 1, z: 1}
  m_LocalEulerAnglesHint: {x: 0, y: 0, z: 0}
  m_Children: []
  m_Father: {fileID: 0}
  m_RootOrder: 1
--- !u!1 &932744502
GameObject:
  m_ObjectHideFlags: 0
  m_PrefabParentObject: {fileID: 0}
  m_PrefabInternal: {fileID: 1019666657}
  serializedVersion: 4
  m_Component:
  - 4: {fileID: 932744503}
  m_Layer: 0
  m_Name: Missing Prefab
  m_TagString: Untagged
  m_Icon: {fileID: 0}
  m_NavMeshLayer: 0
  m_StaticEditorFlags: 0
  m_IsActive: 1
--- !u!4 &932744503
Transform:
  m_ObjectHideFlags: 0
  m_PrefabParentObject: {fileID: 0}
  m_PrefabInternal: {fileID: 1019666657}
  m_GameObject: {fileID: 932744502}
  m_LocalRotation: {x: 0, y: 0, z: 0, w: 1}
  m_LocalPosition: {x: 0, y: 0, z: 0}
  m_LocalScale: {x: 1, y: 1, z: 1}
  m_LocalEulerAnglesHint: {x: 0, y: 0, z: 0}
  m_Children: []
  m_Father: {fileID: 0}
  m_RootOrder: 0
--- !u!1 &1019635221
GameObject:
  m_ObjectHideFlags: 0
  m_PrefabParentObject: {fileID: 105106, guid: b4f6f6c51176c5c4cb9ed4afd2335600, type: 2}
  m_PrefabInternal: {fileID: 1642931885}
  serializedVersion: 4
  m_Component:
  - 224: {fileID: 1019635222}
  - 222: {fileID: 1019635224}
  - 114: {fileID: 1019635223}
  m_Layer: 5
  m_Name: Panel
  m_TagString: Untagged
  m_Icon: {fileID: 0}
  m_NavMeshLayer: 0
  m_StaticEditorFlags: 0
  m_IsActive: 1
--- !u!224 &1019635222
RectTransform:
  m_ObjectHideFlags: 0
  m_PrefabParentObject: {fileID: 22452194, guid: b4f6f6c51176c5c4cb9ed4afd2335600,
    type: 2}
  m_PrefabInternal: {fileID: 1642931885}
  m_GameObject: {fileID: 1019635221}
  m_LocalRotation: {x: 0, y: 0, z: 0, w: 1}
  m_LocalPosition: {x: 0, y: 0, z: 0}
  m_LocalScale: {x: 1, y: 1, z: 1}
  m_LocalEulerAnglesHint: {x: 0, y: 0, z: 0}
  m_Children:
  - {fileID: 440283530}
  - {fileID: 1390918516}
  m_Father: {fileID: 439324097}
  m_RootOrder: 0
  m_AnchorMin: {x: 0, y: 0}
  m_AnchorMax: {x: 1, y: 1}
  m_AnchoredPosition: {x: 0, y: 0}
  m_SizeDelta: {x: 0, y: 0}
  m_Pivot: {x: 0.5, y: 0.5}
--- !u!114 &1019635223
MonoBehaviour:
  m_ObjectHideFlags: 0
  m_PrefabParentObject: {fileID: 11433100, guid: b4f6f6c51176c5c4cb9ed4afd2335600,
    type: 2}
  m_PrefabInternal: {fileID: 1642931885}
  m_GameObject: {fileID: 1019635221}
  m_Enabled: 1
  m_EditorHideFlags: 0
  m_Script: {fileID: -765806418, guid: f5f67c52d1564df4a8936ccd202a3bd8, type: 3}
  m_Name: 
  m_EditorClassIdentifier: 
  m_Material: {fileID: 0}
  m_Color: {r: 1, g: 1, b: 1, a: 0.392}
  m_RaycastTarget: 1
  m_OnCullStateChanged:
    m_PersistentCalls:
      m_Calls: []
    m_TypeName: UnityEngine.UI.MaskableGraphic+CullStateChangedEvent, UnityEngine.UI,
      Version=1.0.0.0, Culture=neutral, PublicKeyToken=null
  m_Sprite: {fileID: 21300000, guid: afe73c02269470148b66bafb7b12a029, type: 3}
  m_Type: 2
  m_PreserveAspect: 0
  m_FillCenter: 1
  m_FillMethod: 4
  m_FillAmount: 1
  m_FillClockwise: 1
  m_FillOrigin: 0
--- !u!222 &1019635224
CanvasRenderer:
  m_ObjectHideFlags: 0
  m_PrefabParentObject: {fileID: 22286712, guid: b4f6f6c51176c5c4cb9ed4afd2335600,
    type: 2}
  m_PrefabInternal: {fileID: 1642931885}
  m_GameObject: {fileID: 1019635221}
--- !u!1001 &1019666657
Prefab:
  m_ObjectHideFlags: 0
  serializedVersion: 2
  m_Modification:
    m_TransformParent: {fileID: 0}
    m_Modifications:
    - target: {fileID: 22467960, guid: b4f6f6c51176c5c4cb9ed4afd2335600, type: 2}
      propertyPath: m_LocalPosition.x
      value: 0
      objectReference: {fileID: 0}
    - target: {fileID: 22467960, guid: b4f6f6c51176c5c4cb9ed4afd2335600, type: 2}
      propertyPath: m_LocalPosition.y
      value: 0
      objectReference: {fileID: 0}
    - target: {fileID: 22467960, guid: b4f6f6c51176c5c4cb9ed4afd2335600, type: 2}
      propertyPath: m_LocalPosition.z
      value: 0
      objectReference: {fileID: 0}
    - target: {fileID: 22467960, guid: b4f6f6c51176c5c4cb9ed4afd2335600, type: 2}
      propertyPath: m_LocalRotation.x
      value: 0
      objectReference: {fileID: 0}
    - target: {fileID: 22467960, guid: b4f6f6c51176c5c4cb9ed4afd2335600, type: 2}
      propertyPath: m_LocalRotation.y
      value: 0
      objectReference: {fileID: 0}
    - target: {fileID: 22467960, guid: b4f6f6c51176c5c4cb9ed4afd2335600, type: 2}
      propertyPath: m_LocalRotation.z
      value: 0
      objectReference: {fileID: 0}
    - target: {fileID: 22467960, guid: b4f6f6c51176c5c4cb9ed4afd2335600, type: 2}
      propertyPath: m_LocalRotation.w
      value: 1
      objectReference: {fileID: 0}
    - target: {fileID: 22467960, guid: b4f6f6c51176c5c4cb9ed4afd2335600, type: 2}
      propertyPath: m_RootOrder
      value: 2
      objectReference: {fileID: 0}
    - target: {fileID: 22467960, guid: b4f6f6c51176c5c4cb9ed4afd2335600, type: 2}
      propertyPath: m_AnchoredPosition.x
      value: 0
      objectReference: {fileID: 0}
    - target: {fileID: 22467960, guid: b4f6f6c51176c5c4cb9ed4afd2335600, type: 2}
      propertyPath: m_AnchoredPosition.y
      value: 0
      objectReference: {fileID: 0}
    - target: {fileID: 22467960, guid: b4f6f6c51176c5c4cb9ed4afd2335600, type: 2}
      propertyPath: m_SizeDelta.x
      value: 0
      objectReference: {fileID: 0}
    - target: {fileID: 22467960, guid: b4f6f6c51176c5c4cb9ed4afd2335600, type: 2}
      propertyPath: m_SizeDelta.y
      value: 0
      objectReference: {fileID: 0}
    - target: {fileID: 22467960, guid: b4f6f6c51176c5c4cb9ed4afd2335600, type: 2}
      propertyPath: m_AnchorMin.x
      value: 0
      objectReference: {fileID: 0}
    - target: {fileID: 22467960, guid: b4f6f6c51176c5c4cb9ed4afd2335600, type: 2}
      propertyPath: m_AnchorMin.y
      value: 0
      objectReference: {fileID: 0}
    - target: {fileID: 22467960, guid: b4f6f6c51176c5c4cb9ed4afd2335600, type: 2}
      propertyPath: m_AnchorMax.x
      value: 0
      objectReference: {fileID: 0}
    - target: {fileID: 22467960, guid: b4f6f6c51176c5c4cb9ed4afd2335600, type: 2}
      propertyPath: m_AnchorMax.y
      value: 0
      objectReference: {fileID: 0}
    - target: {fileID: 22467960, guid: b4f6f6c51176c5c4cb9ed4afd2335600, type: 2}
      propertyPath: m_Pivot.x
      value: 0
      objectReference: {fileID: 0}
    - target: {fileID: 22467960, guid: b4f6f6c51176c5c4cb9ed4afd2335600, type: 2}
      propertyPath: m_Pivot.y
      value: 0
      objectReference: {fileID: 0}
    m_RemovedComponents: []
  m_ParentPrefab: {fileID: 0}
  m_RootGameObject: {fileID: 932744502}
  m_IsPrefabParent: 0
--- !u!1001 &1030493861
Prefab:
  m_ObjectHideFlags: 0
  serializedVersion: 2
  m_Modification:
    m_TransformParent: {fileID: 0}
    m_Modifications:
    - target: {fileID: 419506, guid: 35936530e3bc4494ebd3d767ca56bfcb, type: 2}
      propertyPath: m_LocalPosition.x
      value: 482.5
      objectReference: {fileID: 0}
    - target: {fileID: 419506, guid: 35936530e3bc4494ebd3d767ca56bfcb, type: 2}
      propertyPath: m_LocalPosition.y
      value: 247
      objectReference: {fileID: 0}
    - target: {fileID: 419506, guid: 35936530e3bc4494ebd3d767ca56bfcb, type: 2}
      propertyPath: m_LocalPosition.z
      value: 0
      objectReference: {fileID: 0}
    - target: {fileID: 419506, guid: 35936530e3bc4494ebd3d767ca56bfcb, type: 2}
      propertyPath: m_LocalRotation.x
      value: 0
      objectReference: {fileID: 0}
    - target: {fileID: 419506, guid: 35936530e3bc4494ebd3d767ca56bfcb, type: 2}
      propertyPath: m_LocalRotation.y
      value: 0
      objectReference: {fileID: 0}
    - target: {fileID: 419506, guid: 35936530e3bc4494ebd3d767ca56bfcb, type: 2}
      propertyPath: m_LocalRotation.z
      value: 0
      objectReference: {fileID: 0}
    - target: {fileID: 419506, guid: 35936530e3bc4494ebd3d767ca56bfcb, type: 2}
      propertyPath: m_LocalRotation.w
      value: 1
      objectReference: {fileID: 0}
    - target: {fileID: 419506, guid: 35936530e3bc4494ebd3d767ca56bfcb, type: 2}
      propertyPath: m_RootOrder
      value: 4
      objectReference: {fileID: 0}
    m_RemovedComponents: []
  m_ParentPrefab: {fileID: 100100000, guid: 35936530e3bc4494ebd3d767ca56bfcb, type: 2}
  m_RootGameObject: {fileID: 1648919249}
  m_IsPrefabParent: 0
--- !u!1 &1390918515
GameObject:
  m_ObjectHideFlags: 0
  m_PrefabParentObject: {fileID: 145328, guid: b4f6f6c51176c5c4cb9ed4afd2335600, type: 2}
  m_PrefabInternal: {fileID: 1642931885}
  serializedVersion: 4
  m_Component:
  - 224: {fileID: 1390918516}
  - 222: {fileID: 1390918518}
  - 114: {fileID: 1390918517}
  m_Layer: 5
  m_Name: Text
  m_TagString: Untagged
  m_Icon: {fileID: 0}
  m_NavMeshLayer: 0
  m_StaticEditorFlags: 0
  m_IsActive: 1
--- !u!224 &1390918516
RectTransform:
  m_ObjectHideFlags: 0
  m_PrefabParentObject: {fileID: 22492854, guid: b4f6f6c51176c5c4cb9ed4afd2335600,
    type: 2}
  m_PrefabInternal: {fileID: 1642931885}
  m_GameObject: {fileID: 1390918515}
  m_LocalRotation: {x: 0, y: 0, z: 0, w: 1}
  m_LocalPosition: {x: 0, y: 0, z: 0}
  m_LocalScale: {x: 1, y: 1, z: 1}
  m_LocalEulerAnglesHint: {x: 0, y: 0, z: 0}
  m_Children: []
  m_Father: {fileID: 1019635222}
  m_RootOrder: 1
  m_AnchorMin: {x: 0.30029017, y: 0.09717409}
  m_AnchorMax: {x: 0.7007461, y: 0.5}
  m_AnchoredPosition: {x: -0.5, y: -2.699997}
  m_SizeDelta: {x: -0.29000854, y: -5.5}
  m_Pivot: {x: 0.5, y: 0.5}
--- !u!114 &1390918517
MonoBehaviour:
  m_ObjectHideFlags: 0
  m_PrefabParentObject: {fileID: 11486614, guid: b4f6f6c51176c5c4cb9ed4afd2335600,
    type: 2}
  m_PrefabInternal: {fileID: 1642931885}
  m_GameObject: {fileID: 1390918515}
  m_Enabled: 1
  m_EditorHideFlags: 0
  m_Script: {fileID: 708705254, guid: f5f67c52d1564df4a8936ccd202a3bd8, type: 3}
  m_Name: 
  m_EditorClassIdentifier: 
  m_Material: {fileID: 0}
  m_Color: {r: 1, g: 1, b: 1, a: 1}
  m_RaycastTarget: 1
  m_OnCullStateChanged:
    m_PersistentCalls:
      m_Calls: []
    m_TypeName: UnityEngine.UI.MaskableGraphic+CullStateChangedEvent, UnityEngine.UI,
      Version=1.0.0.0, Culture=neutral, PublicKeyToken=null
  m_FontData:
    m_Font: {fileID: 12800000, guid: 29ea468c89754f34694e288214a371b9, type: 3}
    m_FontSize: 92
    m_FontStyle: 0
    m_BestFit: 0
    m_MinSize: 10
    m_MaxSize: 124
    m_Alignment: 4
    m_AlignByGeometry: 0
    m_RichText: 1
    m_HorizontalOverflow: 0
    m_VerticalOverflow: 0
    m_LineSpacing: 1
  m_Text: IT-STAR
--- !u!222 &1390918518
CanvasRenderer:
  m_ObjectHideFlags: 0
  m_PrefabParentObject: {fileID: 22277472, guid: b4f6f6c51176c5c4cb9ed4afd2335600,
    type: 2}
  m_PrefabInternal: {fileID: 1642931885}
  m_GameObject: {fileID: 1390918515}
--- !u!1001 &1642931885
Prefab:
  m_ObjectHideFlags: 0
  serializedVersion: 2
  m_Modification:
    m_TransformParent: {fileID: 0}
    m_Modifications:
    - target: {fileID: 22487364, guid: b4f6f6c51176c5c4cb9ed4afd2335600, type: 2}
      propertyPath: m_LocalPosition.x
      value: 0
      objectReference: {fileID: 0}
    - target: {fileID: 22487364, guid: b4f6f6c51176c5c4cb9ed4afd2335600, type: 2}
      propertyPath: m_LocalPosition.y
      value: 0
      objectReference: {fileID: 0}
    - target: {fileID: 22487364, guid: b4f6f6c51176c5c4cb9ed4afd2335600, type: 2}
      propertyPath: m_LocalPosition.z
      value: 0
      objectReference: {fileID: 0}
    - target: {fileID: 22487364, guid: b4f6f6c51176c5c4cb9ed4afd2335600, type: 2}
      propertyPath: m_LocalRotation.x
      value: 0
      objectReference: {fileID: 0}
    - target: {fileID: 22487364, guid: b4f6f6c51176c5c4cb9ed4afd2335600, type: 2}
      propertyPath: m_LocalRotation.y
      value: 0
      objectReference: {fileID: 0}
    - target: {fileID: 22487364, guid: b4f6f6c51176c5c4cb9ed4afd2335600, type: 2}
      propertyPath: m_LocalRotation.z
      value: 0
      objectReference: {fileID: 0}
    - target: {fileID: 22487364, guid: b4f6f6c51176c5c4cb9ed4afd2335600, type: 2}
      propertyPath: m_LocalRotation.w
      value: 1
      objectReference: {fileID: 0}
    - target: {fileID: 22487364, guid: b4f6f6c51176c5c4cb9ed4afd2335600, type: 2}
      propertyPath: m_RootOrder
      value: 3
      objectReference: {fileID: 0}
    - target: {fileID: 22487364, guid: b4f6f6c51176c5c4cb9ed4afd2335600, type: 2}
      propertyPath: m_AnchoredPosition.x
      value: 0
      objectReference: {fileID: 0}
    - target: {fileID: 22487364, guid: b4f6f6c51176c5c4cb9ed4afd2335600, type: 2}
      propertyPath: m_AnchoredPosition.y
      value: 0
      objectReference: {fileID: 0}
    - target: {fileID: 22487364, guid: b4f6f6c51176c5c4cb9ed4afd2335600, type: 2}
      propertyPath: m_SizeDelta.x
      value: 0
      objectReference: {fileID: 0}
    - target: {fileID: 22487364, guid: b4f6f6c51176c5c4cb9ed4afd2335600, type: 2}
      propertyPath: m_SizeDelta.y
      value: 0
      objectReference: {fileID: 0}
    - target: {fileID: 22487364, guid: b4f6f6c51176c5c4cb9ed4afd2335600, type: 2}
      propertyPath: m_AnchorMin.x
      value: 0
      objectReference: {fileID: 0}
    - target: {fileID: 22487364, guid: b4f6f6c51176c5c4cb9ed4afd2335600, type: 2}
      propertyPath: m_AnchorMin.y
      value: 0
      objectReference: {fileID: 0}
    - target: {fileID: 22487364, guid: b4f6f6c51176c5c4cb9ed4afd2335600, type: 2}
      propertyPath: m_AnchorMax.x
      value: 0
      objectReference: {fileID: 0}
    - target: {fileID: 22487364, guid: b4f6f6c51176c5c4cb9ed4afd2335600, type: 2}
      propertyPath: m_AnchorMax.y
      value: 0
      objectReference: {fileID: 0}
    - target: {fileID: 22487364, guid: b4f6f6c51176c5c4cb9ed4afd2335600, type: 2}
      propertyPath: m_Pivot.x
      value: 0
      objectReference: {fileID: 0}
    - target: {fileID: 22487364, guid: b4f6f6c51176c5c4cb9ed4afd2335600, type: 2}
      propertyPath: m_Pivot.y
      value: 0
      objectReference: {fileID: 0}
    - target: {fileID: 11418698, guid: b4f6f6c51176c5c4cb9ed4afd2335600, type: 2}
      propertyPath: m_UiScaleMode
      value: 1
      objectReference: {fileID: 0}
    m_RemovedComponents: []
  m_ParentPrefab: {fileID: 100100000, guid: b4f6f6c51176c5c4cb9ed4afd2335600, type: 2}
  m_RootGameObject: {fileID: 439324093}
  m_IsPrefabParent: 0
--- !u!1 &1648919249
GameObject:
  m_ObjectHideFlags: 0
  m_PrefabParentObject: {fileID: 167014, guid: 35936530e3bc4494ebd3d767ca56bfcb, type: 2}
  m_PrefabInternal: {fileID: 1030493861}
  serializedVersion: 4
  m_Component:
  - 4: {fileID: 1648919251}
  - 114: {fileID: 1648919250}
  m_Layer: 0
  m_Name: UIController
  m_TagString: Untagged
  m_Icon: {fileID: 0}
  m_NavMeshLayer: 0
  m_StaticEditorFlags: 0
  m_IsActive: 1
--- !u!114 &1648919250
MonoBehaviour:
  m_ObjectHideFlags: 0
  m_PrefabParentObject: {fileID: 11492024, guid: 35936530e3bc4494ebd3d767ca56bfcb,
    type: 2}
  m_PrefabInternal: {fileID: 1030493861}
  m_GameObject: {fileID: 1648919249}
  m_Enabled: 1
  m_EditorHideFlags: 0
  m_Script: {fileID: 11500000, guid: 78a30b5bb260641499d0c6af879452c3, type: 3}
  m_Name: 
  m_EditorClassIdentifier: 
  waitTime: 0
  repairCanvas: {fileID: 0}
  aboutCanvas: {fileID: 0}
  soundPlayer: {fileID: 0}
  anim1: {fileID: 0}
  anim2: {fileID: 0}
  touchController: {fileID: 0}
--- !u!4 &1648919251
Transform:
  m_ObjectHideFlags: 0
  m_PrefabParentObject: {fileID: 419506, guid: 35936530e3bc4494ebd3d767ca56bfcb, type: 2}
  m_PrefabInternal: {fileID: 1030493861}
  m_GameObject: {fileID: 1648919249}
  m_LocalRotation: {x: 0, y: 0, z: 0, w: 1}
  m_LocalPosition: {x: 482.5, y: 247, z: 0}
  m_LocalScale: {x: 1, y: 1, z: 1}
  m_LocalEulerAnglesHint: {x: 0, y: 0, z: 0}
  m_Children: []
  m_Father: {fileID: 0}
  m_RootOrder: 4
